<record><leader>00000cas a22000007a 4500</leader><controlfield tag="001">13878345</controlfield><controlfield tag="008">860716d19361942njuwr ne      0    0eng d</controlfield><datafield ind1=" " ind2=" " tag="010"><subfield code="a">sn 86077185 </subfield></datafield><datafield ind1=" " ind2=" " tag="040"><subfield code="a">NPA</subfield><subfield code="b">eng</subfield><subfield code="c">NPA</subfield><subfield code="d">NJW</subfield><subfield code="d">OCLCQ</subfield><subfield code="d">OCLCO</subfield></datafield><datafield ind1="1" ind2=" " tag="029"><subfield code="a">AU@</subfield><subfield code="b">000025807985</subfield></datafield><datafield ind1=" " ind2=" " tag="042"><subfield code="a">msc</subfield></datafield><datafield ind1="0" ind2="4" tag="245"><subfield code="a">The Shield for civil service news of New Jersey.</subfield></datafield><datafield ind1="3" ind2="0" tag="246"><subfield code="a">Shield</subfield></datafield><datafield ind1=" " ind2=" " tag="260"><subfield code="a">[Union City, N.J. :</subfield><subfield code="b">New Jersey Civil Service Association],</subfield><subfield code="c">1936-1942.</subfield></datafield><datafield ind1=" " ind2=" " tag="300"><subfield code="a">v. :</subfield><subfield code="b">ill.</subfield></datafield><datafield ind1=" " ind2=" " tag="310"><subfield code="a">Weekly</subfield></datafield><datafield ind1="0" ind2=" " tag="362"><subfield code="a">Vol. 2, no. 15 (May 23, 1936)-v. 8, no. 2 (Feb. 14, 1942).</subfield></datafield><datafield ind1=" " ind2=" " tag="550"><subfield code="a">"Official organ of the New Jersey Civil Service Association."</subfield></datafield><datafield ind1="2" ind2=" " tag="710"><subfield code="a">New Jersey Civil Service Association.</subfield></datafield><datafield ind1=" " ind2=" " tag="752"><subfield code="a">United States</subfield><subfield code="b">New Jersey</subfield><subfield code="c">Hudson</subfield><subfield code="d">Union City.</subfield></datafield><datafield ind1="0" ind2="0" tag="780"><subfield code="t">Shield (Union City, N.J. : 1935)</subfield><subfield code="w">(DLC)sn 86077184</subfield><subfield code="w">(OCoLC)13878357</subfield></datafield><datafield ind1="0" ind2="0" tag="785"><subfield code="t">Shield for civil service news</subfield><subfield code="w">(DLC)sn 86077088</subfield><subfield code="w">(OCoLC)13878337</subfield></datafield></record>